@misc{paar_2012_viscosity,
  author = {Paar, Anton},
  title = {Viscosity of Water â€“ viscosity table and viscosity chart :: Anton Paar Wiki},
  url = {https://wiki.anton-paar.com/en/water/},
  urldate = {2024-05-14},
  year = {2012},
  organization = {Anton Paar}
}

@misc{schwartz_lecture,
  author = {Schwartz, Matthew},
  title = {Lecture 1: Simple Harmonic Oscillators},
  url = {https://scholar.harvard.edu/files/schwartz/files/lecture1-oscillators-and-linearity.pdf},
  urldate = {2024-05-14}
}

@misc{miller_2004_13,
  author = {Miller, HR},
  title = {13. Natural frequency and damping ratio},
  url = {https://dspace.mit.edu/bitstream/handle/1721.1/34888/18-03Spring2004/NR/rdonlyres/Mathematics/18-03Spring2004/B76E6F4F-7B05-4DA0-A5A5-03FA4ACCB6B2/0/sup_13.pdf},
  urldate = {2024-05-14},
  year = {2004},
  organization = {DSpace@MIT}
}

@misc{inman_2008_engineering,
  author = {Inman, Daniel},
  title = {Engineering Vibration FOURTH EDITION},
  url = {https://api.pageplace.de/preview/DT0400.9780273785217_A24571595/preview-9780273785217_A24571595.pdf},
  urldate = {2024-05-25},
  year = {2008}
}

@misc{vacher_2001_the,
  author = {Vacher, H},
  pages = {305-313},
  title = {The Taylor Series and Error Propagation},
  url = {https://cdn.serc.carleton.edu/files/nagt/jge/columns/CG16-v49n3p305.pdf},
  urldate = {2024-05-26},
  year = {2001},
  organization = {Journal of Geoscience Education}
}